% Encoding: UTF-8

@Online{BetterBibTeXZotero,
  author   = {Heyns, Emiliano},
  file     = {C:\\Users\\moma\\Zotero\\storage\\IW6U8QWU\\installation.html},
  keywords = {read},
  langid   = {english},
  title    = {Better BibTeX for Zotero},
  url      = {https://retorque.re/zotero-better-bibtex/installation/},
  urldate  = {2019-04-05},
}

@Book{sloterdijkCriticaRazonCinica2014,
  author       = {Sloterdijk, Peter},
  edition      = {4},
  isbn         = {978-84-7844-659-9},
  keywords     = {read},
  langid       = {spanish},
  location     = {Madrid},
  note         = {6 reimpresión},
  number       = {107},
  origlanguage = {alemán},
  pagetotal    = {786},
  publisher    = {Siruela},
  series       = {Biblioteca de ensayo. Serie mayor},
  title        = {Crítica de la razón cínica},
  translator   = {Vega, Miguel Ángel},
  url          = {https://www.siruela.com/catalogo.php?id_libro=3953\&completa=N},
  urldate      = {2020-03-19},
  year         = {2014},
}

@InCollection{EconomiaConsideradaComo,
  booksubtitle = {Organe conscient du Parti Imaginaire},
  booktitle    = {Tiqqun},
  editor       = {Bourdart, Julien and Carnevale, Fulvia and Coupat, Julien and Frey, Junius and Gayraud, Joël and Hottner, Stephan and Ricordeau, Remy},
  file         = {C:\\Users\\moma\\Zotero\\storage\\93E8ZFM8\\de-la-economia-considerada-como-magia.html},
  keywords     = {tiqqun, economia, read},
  langid       = {spanish},
  number       = {1},
  title        = {De la economía considerada como magia negra},
  url          = {https://tiqqunim.blogspot.com/2013/02/de-la-economia-considerada-como-magia.html},
  urldate      = {2019-04-08},
  year         = {1998},
}

@InCollection{comiteinvisibleTeoriaBloom,
  abstract     = {Para el entendimiento, el Bloom puede ser definido como eso que, en cada hombre, permanece fuera de la Publicidad, y que, por lo tanto, constituye de igual manera la forma de existencia común de los hombres singulares al interior del Espectáculo, que es la retirada consumada de la Publicidad. En este sentido, el Bloom es primeramente sólo una hipótesis, pero es una hipótesis que ha devenido verdadera: la ``modernidad'' la ha realizado; una inversión de la relación genérica se ha producido efectivamente.},
  booksubtitle = {Organe conscient du Parti Imaginaire},
  booktitle    = {Tiqqun},
  editor       = {Bourdart, Julien and Carnevale, Fulvia and Coupat, Julien and Frey, Junius and Gayraud, Joël and Hottner, Stephan and Ricordeau, Remy},
  file         = {C:/Users/moma/Zotero/storage/HQQXP4C4/teoria-del-bloom.html:},
  keywords     = {tiqqun, bloom, read},
  langid       = {spanish},
  number       = {1},
  title        = {Teoría del Bloom},
  url          = {https://tiqqunim.blogspot.com/2013/01/teoria-del-bloom.html},
  urldate      = {2019-04-08},
  year         = {1998},
}

@Online{Appademic,
  abstract   = {Technology, productivity and workflows for academics, students and other nerds},
  author     = {Appademic},
  file       = {C:\\Users\\moma\\Zotero\\storage\\MYBIRM2D\\appademic.tech.html},
  keywords   = {read},
  langid     = {english},
  title      = {The Appademic},
  url        = {https://appademic.tech/},
  urldate    = {2019-04-10},
}

@Book{tiqqunTheoryBloom2012,
  author       = {Tiqqun},
  edition      = {1},
  isbn         = {978-1-62049-002-0},
  keywords     = {read},
  langid       = {english},
  origlanguage = {french},
  pagetotal    = {160},
  publisher    = {LBC Books},
  title        = {Theory of Bloom},
  translator   = {Hurley, Robert},
  url          = {http://www.bloom0101.org/wp-content/uploads/2015/02/theory-of-bloom9.4.pdf},
  urldate      = {2020-03-20},
  year         = {2012},
}

@Book{deleuzeMilMesetasCapitalismo2002,
  author       = {Deleuze, Gilles and Guattari, Félix},
  edition      = {3},
  isbn         = {978-84-85081-95-0},
  keywords     = {read},
  langid       = {spanish},
  location     = {Valencia},
  note         = {6a reimpresión},
  number       = {94},
  origlanguage = {francés},
  pagetotal    = {522},
  publisher    = {Pre-Textos},
  series       = {Ensayo},
  shorttitle   = {Mil mesetas},
  subtitle     = {capitalismo y esquizofrenia},
  title        = {Mil mesetas},
  translator   = {Pérez Vázquez, José and Larraceta, Umbelina},
  url          = {https://www.pre-textos.com/escaparate/product_info.php?products_id=489},
  urldate      = {2020-03-20},
  year         = {2010},
}

@Online{AskphilosophyWhatNeoreactionarism,
  author       = {{u/137hamso}},
  date         = {2014-11-13},
  file         = {C:\\Users\\moma\\Zotero\\storage\\CR9TN6LE\\what_is_neoreactionarism_and_why_is_it_bad.html},
  keywords     = {neoreactionarism},
  langid       = {english},
  organization = {reddit},
  title        = {What Is Neoreactionarism, and Why Is It Bad?},
  url          = {https://www.reddit.com/r/askphilosophy/comments/2m7jus/what_is_neoreactionarism_and_why_is_it_bad/},
  urldate      = {2019-04-14},
}

@Book{comiteinvisibleOurFriends2015,
  abstract   = {"To Our Friends is a report on the state of the world and of the movement, a piece of writing that's essentially strategic and openly partisan. Its political ambition is immodest: to produce a shared understanding of the epoch, in spite of the extreme confusion of the present,"--Amazon.com},
  author     = {{The Invisible Comittee}},
  isbn       = {978-1-58435-167-2},
  keywords   = {21st century,Government; Resistance to,Revolutionary literature; French,World politics},
  langid     = {english},
  number     = {18},
  pagetotal  = {240},
  publisher  = {Semiotext(e)},
  series     = {Semiotext(e) Intervention Series},
  title      = {To Our Friends},
  translator = {Hurley, Robert},
  year       = {2015},
}

@Book{comiteinvisibleNuestrosAmigos2015,
  author       = {{Comité invisible}},
  edition      = {2},
  isbn         = {978-84-15862-30-7},
  keywords     = {21st century,Government; Resistance to,Revolutionary literature; French,World politics},
  langid       = {spanish},
  location     = {Logroño},
  origlanguage = {francés},
  pagetotal    = {264},
  publisher    = {Pepitas de Calabaza},
  series       = {Pepitas del sur plus},
  title        = {A nuestros amigos},
  translator   = {Barbarroja, Vicente E. and Barrera, León A. and Fiori, Ricardo I.},
  url          = {http://www.pepitas.net/libro/a-nuestros-amigos},
  urldate      = {2020-03-24},
  year         = {2015},
}

@Book{laclauPopulistReason2005,
  author    = {Laclau, Ernesto},
  edition   = {1},
  isbn      = {978-1-78873-131-7},
  keywords  = {Populism},
  langid    = {english},
  location  = {London},
  note      = {Reprinted in 2018},
  pagetotal = {276},
  publisher = {Verso},
  series    = {Phronesis},
  title     = {On Populist Reason},
  url       = {https://www.versobooks.com/books/2811-on-populist-reason},
  urldate   = {2020-03-24},
  year      = {2005},
}

@Book{laclauRazonPopulista2016,
  author    = {Laclau, Ernesto},
  edition   = {1},
  isbn      = {978-950557-635-7},
  langid    = {spanish},
  location  = {{México, D.F.}},
  pagetotal = {312},
  publisher = {Fondo de Cultura Económica},
  series    = {Sociología},
  title     = {La razón populista},
  url       = {https://www.fce.com.ar/ar/libros/detalles.aspx?IDL=5532},
  urldate   = {2019-07-11},
  year      = {2005},
}

@Book{hesterXenofeminism2018,
  abstract  = {"In an era of accelerating technology and increasing complexity, how should we reimagine the emancipatory potential of feminism? How should gender politics be reconfigured in a world being transformed by automation, globalization and the digital revolution? These questions are addressed in this bold new book by Helen Hester, a founding member of the 'Laboria Cuboniks' collective that developed the acclaimed manifesto 'Xenofeminism: A Politics for Alienation'. Hester develops a three-part definition of xenofeminism grounded in the ideas of technomaterialism, anti-naturalism, and gender abolitionism. She elaborates these ideas in relation to assistive reproductive technologies and interrogates the relationship between reproduction and futurity, while steering clear of a problematic anti-natalism. Finally, she examines what xenofeminist technologies might look like in practice, using the history of one specific device to argue for a future-oriented gender politics that can facilitate alternative models of reproduction. Challenging and iconoclastic, this visionary book is the essential guide to one of the most exciting intellectual trends in contemporary feminism."--},
  author    = {Hester, Helen},
  ean       = {9783883963693},
  edition   = {1},
  isbn      = {978-1-5095-2066-4},
  keywords  = {Alienation (Philosophy),Feminism,Feminist theory,Third-wave feminism},
  langid    = {english},
  location  = {Cambridge},
  pagetotal = {140},
  publisher = {Polity Press},
  series    = {Theory Redux},
  title     = {Xenofeminism},
  url       = {https://www.wiley.com/en-mx/Xenofeminism-p-9781509520626},
  urldate   = {2020-03-24},
  year      = {2018},
}

@Book{srnicekInventarFuturoPoscapitalismo2017,
  author       = {Srnicek, Nick and Williams, Alex},
  edition      = {1},
  isbn         = {978-84-16665-19-8},
  langid       = {spanish},
  origlanguage = {inglés},
  pagetotal    = {336},
  publisher    = {Malpaso},
  shorttitle   = {Inventar el futuro},
  subtitle     = {poscapitalismo y un mundo sin trabajo},
  title        = {Inventar el futuro:},
  translator   = {Santoveña, Adriana},
  url          = {https://www.malpasolibreria.com/producto/inventar-el-futuro/},
  urldate      = {2020-03-24},
  year         = {2016},
}

@Article{huiUnhappyConsciousnessNeoreactionaries2017,
  author       = {Hui, Yuk},
  comment      = {All posters images above were found on HestiaSociety.org, an image-based website affiliated with neoreactionary thought.},
  journaltitle = {e-flux journal},
  langid       = {english},
  title        = {On the Unhappy Consciousness of Neoreactionaries},
  url          = {https://www.e-flux.com/journal/81/125815/on-the-unhappy-consciousness-of-neoreactionaries/},
  volume       = {81},
  year         = {2017},
}

@Book{preciadoTestoYonqui2008,
  author    = {Preciado, Paul B.},
  file      = {C:\\Users\\moma\\Zotero\\storage\\QNVBJWKY\\Preciado - 2008 - Testo yonqui.pdf},
  isbn      = {978-84-670-2693-1},
  langid    = {spanish},
  location  = {Madrid},  
  pagetotal = {352},
  publisher = {Anagrama},
  series    = {Argumentos},
  subtitle  = {Sexo, drogas y biopolítica},
  title     = {Testo yonqui},
  url       = {https://www.anagrama-ed.es/libro/argumentos/testo-yonqui/9788433964533/A_542},
  urldate   = {2020-03-24},
  year      = {2008},
}

@Article{NotesInorganicPart,
  author       = {Moreno, Gean},
  file         = {C:\\Users\\moma\\Zotero\\storage\\QVTUXN7G\\notes-on-the-inorganic-part-i-accelerations.html},
  journaltitle = {e-flux journal},
  keywords     = {read},
  langid       = {english},
  subtitle     = {Accelerations},
  title        = {Notes on the Inorganic, Part I:},
  url          = {https://www.e-flux.com/journal/31/68197/notes-on-the-inorganic-part-i-accelerations/},
  urldate      = {2019-07-12},
  volume       = {31},
  year         = {2012},
}

@Article{AccelerationismXenofeministManifesto2015,
  abstract        = {The Laboria Cuboniks collective have just released their widely-anticipated ``Xenofeminism: A Politics for Alienation'': ``Xenofeminism is gender-abolitionist... Let a hundred sexes bloom! \ldots{}[And, let's] construct a society where traits currently assembled under the rubric of gender, no longer furnish a grid for the asymmetric operation of power\ldots{} You're not exploited or oppressed because you are a wage labourer or poor; you are a labourer or poor because you are exploited\ldots{}''},
  author          = {\&\&\&},
  date            = {2015-06-11},
  file            = {C:\\Users\\moma\\Zotero\\storage\\GBU7IR76\\after-accelerationism-the-xenofeminist-manifesto.html},
  journalsubtitle = {The New Centre for Research \& Practice},
  journaltitle    = {\&\&\& Journal},
  keywords        = {read},
  langid          = {english},
  readstatus      = {read},
  shorttitle      = {After Accelerationism},
  subtitle        = {The Xenofeminist Manifesto},
  title           = {After Accelerationism:},
  url             = {http://tripleampersand.org/after-accelerationism-the-xenofeminist-manifesto/},
  urldate         = {2019-07-12},
}

@Article{PeopleArePeople2018,
  abstract        = {In his book, The Rise of the Network Society, Manuel Castells makes a distinction between the ``space of places'' and the ``space of flows.'' The space of flows is the spatial logic of autonomous circuits\textemdash{}the expression and arrangement of flows (flows of information, social operations, social bodies, etc.) distributed across space, independent of territorial sites \ldots{}},
  author          = {ANON},
  date            = {2018-02-27},
  file            = {C:\\Users\\moma\\Zotero\\storage\\UT5GSHTB\\transitioning-mass-network-models-governance.html},
  journalsubtitle = {The New Centre for Research \& Practice},
  journaltitle    = {\&\&\& Journal},
  keywords        = {altwoke, read},
  langid          = {english},
  readstatus      = {read},
  shorttitle      = {People Are People},
  subtitle        = {From Mass to Network Models of Governance},
  title           = {People Are People:},
  url             = {http://tripleampersand.org/transitioning-mass-network-models-governance/},
  urldate         = {2019-07-12},
}

@Article{QueEsFinanciarizacion,
  author       = {Garzón Espinosa, Alberto},
  date         = {2009-05-18},
  file         = {C:\\Users\\moma\\Zotero\\storage\\PGPDBFZG\\www.economiacritica.net.html},
  journaltitle = {Economía crítica y crítica de la economía},
  keywords     = {Finanzas, read},
  langid       = {spanish},
  title        = {¿Qué es la financiarización?},
  url          = {http://www.economiacritica.net/?p=144},
  urldate      = {2019-07-12},
}

@Book{didi-hubermanGestosAirePiedra2018,
  author       = {Didi-Huberman, Georges},  
  isbn         = {978-607-97118-2-5},
  keywords     = {read},
  langid       = {spanish},
  location     = {Ciudad de México},
  origlanguage = {francés},
  publisher    = {Canta Mares},
  shorttitle   = {Gestos de aire y de piedra},
  subtitle     = {sobre la materia de las imágenes},
  title        = {Gestos de aire y de piedra:},
  translator   = {Balcázar Moreno, Melina},
  url          = {https://www.cantamares.mx/?page_id=236},
  urldate      = {2020-03-25},
  year         = {2017},
}

@Book{abramsEncuentroConSombra2016,
  author       = {Jung, Carl G. and Dossey, Harry and von Franz, Marie Louise and Wilber, Ken and Keen, Sam and Bradshaw, John and May, Rollo and Stein, Robert and Metzger, Deena and Campbell, Joseph and Peck, M. Scott and Bly, Robert and Hillman, James and Branden, Nathaniel and Feuerstein, Georg and Nichols, Sallie and Downing, Christine and Sanford, John A.},
  edition      = {1},
  editor       = {Zweig, Connie and Abrams, Jeremiah},
  isbn         = {978-84-7245-265-7},
  keywords     = {read},
  langid       = {spanish},
  origlanguage = {inglés},
  pagetotal    = {472},
  publisher    = {Kairós},
  shorttitle   = {Encuentro con la sombra},
  subtitle     = {el poder del lado oscuro de la naturaleza humana},
  title        = {Encuentro con la sombra:},
  translator   = {González Raga, David},
  url          = {http://editorialkairos.com/catalogo/encuentro-con-la-sombra},
  urldate      = {2020-03-25},
  year         = {1992},
}

@Book{agambenHomoSacer1998,
  author       = {Agamben, Giorgio},
  isbn         = {978-84-8191-206-7},
  keywords     = {read},
  langid       = {spanish},
  location     = {Valencia},
  note         = {Quinta reimpresión, 2010 año de reedición},
  origlanguage = {italiano},
  pagetotal    = {276},
  publisher    = {Pre-Textos},
  series       = {Pre-Textos italianos},
  subtitle     = {El poder soberano y la nuda vida},
  title        = {Homo sacer},
  translator   = {Gimeno Cuspinera, Antonio},
  url          = {https://www.pre-textos.com/escaparate/product_info.php?manufacturers_id=286\&products_id=339},
  urldate      = {2020-03-25},
  year         = {2006},
}

@Article{CededInterfileFutureOriented2019,
  abstract        = {The Human-Machine Dialectic To cede is to to give something up, to relinquish control over it. To position technology as `other' is an attempt to interfile it; in other words, to differentiate it in a sequence, to interfile our relationship with it. This idea of interfiling suggests a type of sequencing that necessitates the dominance \ldots{}},
  author          = {Sharp, Terence},
  date            = {2019-07-08},
  file            = {C:\\Users\\moma\\Zotero\\storage\\USFP3IUV\\ceded-interfile-future-oriented-socialcognitive-design.html},
  journalsubtitle = {The New Centre for Research \& Practice},
  journaltitle    = {\&\&\& Journal},
  langid          = {english},
  shorttitle      = {A Ceded Interfile},
  subtitle        = {Future-Oriented Social \& Cognitive Design},
  title           = {A Ceded Interfile:},
  url             = {http://tripleampersand.org/ceded-interfile-future-oriented-socialcognitive-design/},
  urldate         = {2019-07-12},
}

@Book{clastresSocieteContreEtat1974,
  author    = {Clastres, Pierre},
  isbn      = {978-2-7073-0021-8},
  keywords  = {Economic anthropology,Indians,Political anthropology},
  langid    = {french},
  location  = {Paris},
  pagetotal = {192},
  publisher = {Les Éditions de minuit},
  series    = {Collection Critique},
  subtitle  = {Recherches d’anthropologie politique},
  title     = {La Société contre l’État},
  url       = {http://leseditionsdeminuit.fr/livre-La_Société_contre_l’État-1999-1-1-0-1.html},
  urldate   = {2020-03-25},
  year      = {1974},
}

@Book{clastresSociedadContraEstado2013,
  author       = {Clastres, Pierre},
  isbn         = {978-956-8935-00-9},
  langid       = {spanish},
  location     = {Santiago de Chile},
  origlanguage = {francés},
  publisher    = {Hueders},
  subtitle     = {Ensayos de antropología política},
  title        = {La sociedad contra el Estado},
  translator   = {Pizarro, Ana},
  url          = {https://hueders.cl/la-sociedad-contra-el-estado-2/},
  urldate      = {2020-03-25},
  year         = {2013},
}

@InCollection{tiqqunTesisSobrePartido,
  abstract     = {El Partido Imaginario es la forma particular que asume la Contradicción en el período histórico en que la dominación se impone como dictadura de la visibilidad y como dictadura en la visibilidad, en una palabra, como Espectáculo.},
  booksubtitle = {Organe conscient du Parti Imaginaire},
  booktitle    = {Tiqqun},
  editor       = {Bourdart, Julien and Carnevale, Fulvia and Coupat, Julien and Frey, Junius and Gayraud, Joël and Hottner, Stephan and Ricordeau, Remy},
  file         = {C:\\Users\\moma\\Zotero\\storage\\U6HQHZZN\\tesis-sobre-el-partido-imaginario.html},
  langid       = {spanish},
  number       = {1},
  title        = {Tesis sobre el Partido Imaginario},
  url          = {https://tiqqunim.blogspot.com/2013/01/tesis-sobre-el-partido-imaginario.html},
  urldate      = {2019-07-12},
  year         = {1998},
}

@Article{briaultCorpsDeconstructionFascismes,
  abstract     = {Le Club est l'espace de libre expression des abonnés de Mediapart.},
  author       = {Briault, Thierry},
  date         = {2014-10-01},
  file         = {C:\\Users\\moma\\Zotero\\storage\\JIKMGZSH\\le-corps-de-la-deconstruction-et-les-fascismes-venir.html},
  journaltitle = {Club de Mediapart},
  langid       = {french},
  title        = {Le corps de la déconstruction et les fascismes à venir},
  url          = {https://blogs.mediapart.fr/thierry-briault/blog/011014/le-corps-de-la-deconstruction-et-les-fascismes-venir},
  urldate      = {2019-07-12},
}

@Book{LlamamientoOtrosFogonazos2009,
  author     = {Anónimo},
  isbn       = {978-84-7774-202-9},
  keywords   = {tiqqun},
  langid     = {spanish},
  location   = {Madrid},
  publisher  = {Ediciones Acuarela},
  title      = {Llamamiento y otros fogonazos},
  translator = {Vilatovà Pigrau, Ramón and Díaz , Alida},
  year       = {2009},
}

@Article{fernandez-savaterAusentarseCrisisAtencion,
  abstract        = {Zapping, multitarea y scrolleo constante, intolerancia al silencio, incapacidad de recogimiento y concentración, distracción crónica e indiferencia permanente al entorno más inmediato\ldots{} Hoy en día nunca estamos en lo que estamos},
  author          = {Fernández-Savater, Amador},
  date            = {2019-04-12},
  file            = {C:\\Users\\moma\\Zotero\\storage\\2ITS5YRB\\crisis_de_atencion_6_887921222.html},
  journalsubtitle = {Periodismo a pesar de todo},
  journaltitle    = {eldiario.es},
  langid          = {spanish},
  readstatus      = {read},
  shorttitle      = {Ausentarse},
  subtitle        = {la crisis de la atención en las sociedades contemporáneas},
  title           = {Ausentarse:},
  url             = {https://www.eldiario.es/interferencias/crisis_de_atencion_6_887921222.html},
  urldate         = {2019-07-13},
}

@Article{fraseFourFutures2011,
  author       = {Frase, Peter},
  date         = {2011-12-13},
  journaltitle = {Jacobin},
  title        = {Four Futures},
  url          = {https://jacobinmag.com/2011/12/four-futures/},
  urldate      = {2019-07-13},
  abstract     = {One thing we can be certain of is that capitalism will end.},
  file         = {C:\\Users\\moma\\Zotero\\storage\\JP8ZKAIU\\four-futures.html},
  langid       = {english},
}

@Book{deleuzeAntiedipoCapitalismoEsquizofrenia2017,
  abstract     = {Este libro es un ajuste relativo de cuentas con Lacan en la época de esplendor del estructuralismo, allá por los inicios de la década de los setenta. Partiendo del convencimiento de que Edipo no sirve absolutamente para nada, Deleuze y Guattari se impregnan de la atmósfera cultural del período, en especial del Foucault de Las palabras y las cosas, y afirman que la invención del hombre por el orden burgués de que habla este último puede comprenderse mejor a partir del análisis de los mecanismos de producción del hombre en la sociedad actual, es decir, a partir de la disección de la máquina social capitalista que los autores acometen mediante el procedimiento de descodificación-territorialización. No en vano se ha afirmado repetidas veces la complementariedad de algunos capítulos de El Anti Edipo y Las palabras y las cosas, y no en vano la obra de Deleuze y Guattari contribuyó a la gestación de Vigilar y castigar. A partir de ahí, de esa época de ebullición teórica reflejada en el texto, El Anti Edipo se convertiría en una referencia clásica y el esquizoanálisis -que se propone desedipizar el inconsciente para acceder a los verdaderos problemas- en un método fecundo para analizar las máquinas deseantes y sus productos sociales.},
  author       = {Deleuze, Gilles and Guattari, Félix},
  isbn         = {978-84-7509-329-1},
  langid       = {spanish},
  location     = {Barcelona},
  number       = {23},
  origlanguage = {francés},
  pagetotal    = {432},
  publisher    = {Paidós},
  series       = {Básica},
  shorttitle   = {El anti-edipo},
  subtitle     = {capitalismo y esquizofrenia},
  title        = {El anti-edipo},
  translator   = {Monge, Francisco},
  url          = {https://www.planetadelibros.com/libro-el-anti-edipo/19337},
  urldate      = {2020-03-25},
  year         = {1985},
}

@Book{tiqqunIntroduccionGuerraCivil2008,
  author     = {Tiqqun},
  isbn       = {978-84-96614-48-2},
  langid     = {spanish},
  location   = {Barcelona},
  pagetotal  = {114},
  publisher  = {Melusina},
  series     = {[sic]},
  title      = {Introducción a la guerra civil},
  translator = {Suárez Tortosa, Raúl and Rodríguez Rivarola, Santiago},
  year       = {2008},
}

@Book{kantCheCosIlluminismo2006,
  author      = {Kant, Immanuel},
  editor      = {Merker, Nicolao},
  isbn        = {978-88-647-3196-4},
  langid      = {italian},
  location    = {Roma},
  pagetotal   = {196},
  publisher   = {Editori Riuniti},
  reaadstatus = {read},
  title       = {Che cos'è l'illuminismo?},
  url         = {https://editoririuniti.it/collections/filosofia/products/che-cosa-e-illuminismo-di-kant-e-merker},
  urldate     = {2020-03-25},
  year        = {2017},
}

@Book{kantQueEsIlustracion2009,
  author       = {Kant, Immanuel},
  isbn         = {978-84-206-5716-5},
  langid       = {spanish},
  origlanguage = {alemán},
  pagetotal    = {256},
  publisher    = {Alianza Editorial},
  readtatus    = {read},
  series       = {El Libro De Bolsillo - Filosofía},
  shorttitle   = {¿Qué es la ilustración?},
  subtitle     = {Y otros escritos de ética, política y filosofía de la historia},
  title        = {¿Qué es la ilustración?},
  translator   = {Rodríguez Aramayo, Roberto},
  url          = {https://www.alianzaeditorial.es/libro/filosofia/que-es-la-ilustracion-immanuel-kant-9788420678733/},
  urldate      = {2020-03-25},
  year         = {2009},
}

@Book{landFangedNoumenaCollected2018,
  abstract   = {A dizzying trip through the mind(s) of the provocative and influential thinker Nick Land.},
  edition    = {5},
  editor     = {Land, Nick and Mackay, Robin and Brassier, Ray},
  isbn       = {978-1-913029-25-8},
  langid     = {english},
  pagetotal  = {670},
  publisher  = {Urbanomic},
  series     = {Urbanomic x Sequence Press},
  subtitle   = {Collected Writings (1987-2007)},
  title      = {Fanged Noumena},
  url        = {https://www.urbanomic.com/edition/fanged-noumena-fifth-edition/},
  urldate    = {2019-07-13},
  year       = {2018},
}

@Article{OvercomingInternetDisillusionment,
  author       = {Lovink, Geert},
  file         = {C:\\Users\\moma\\Zotero\\storage\\3NPRYR66\\overcoming-internet-disillusionment-on-the-principles-of-meme-design.html},
  journaltitle = {e-flux journal},
  langid       = {english},
  shorttitle   = {Overcoming Internet Disillusionment},
  subtitle     = {On the Principles of Meme Design},
  title        = {Overcoming Internet Disillusionment:},
  url          = {https://www.e-flux.com/journal/83/141287/overcoming-internet-disillusionment-on-the-principles-of-meme-design/},
  urldate      = {2019-07-13},
  volume       = {83},
  year         = {2017},
}

@Article{UnthinkableCommunityJournal,
  author       = {Chan, Paaul},
  file         = {C:\\Users\\moma\\Zotero\\storage\\NIU2GH6J\\the-unthinkable-community.html},
  journaltitle = {e-flux journal},
  langid       = {english},
  title        = {The Unthinkable Community},
  url          = {https://www.e-flux.com/journal/16/61274/the-unthinkable-community/},
  urldate      = {2019-07-13},
  volume       = {16},
  year         = {2010},
}

@Article{pijamasurfQueSiempreQuisiste,
  abstract     = {Algunos datos acerca de la infame página que hizo públicas las fotos privadas de celebridades como Jennifer Lawrence y Kirsten Dunst: un kit de navegación que tal vez preferirías no utilizar nunca, o hacerlo bajo tu propio riesgo. Podría darte cancer},
  author       = {pijamasurf},
  date         = {2014-03-09},
  file         = {C:\\Users\\moma\\Zotero\\storage\\F3DXFI67\\lo-que-siempre-quisiste-saber-de-4chan-pero-que-no-sabias-como-buscar-en-google.html},
  journaltitle = {Pijamasurf},
  langid       = {spanish},
  title        = {Lo que siempre quisiste saber de 4chan pero no sabías cómo buscar en Google},
  url          = {https://pijamasurf.com/2014/09/lo-que-siempre-quisiste-saber-de-4chan-pero-que-no-sabias-como-buscar-en-google/},
  urldate      = {2019-07-13},
}

@Article{AltWokeCompanion2017,
  abstract     = {What Is \#AltWoke? \#AltWoke is: The Catalytic Left. Post-Landian Left-Accelerationism. Team Reza Negarestani. `The Dark Insurrection.' Direct action hacktivism. Free market socialism. Apocalyptic communism. Intersectional xenofeminism. Environmentally conscientious nihilism. Libidinal Marxism. Platform stacktivism. IoT urban policy. High post-post-structuralism. The Corporate Undercommons. Gratuitous neologism and nomenclature trolling. Lifestyle branding as political ideology \& vice versa. AltWoke\texttrademark{}: \ldots{}},
  author       = {\&\&\&},
  date         = {2017-06-13},
  file         = {C:\\Users\\moma\\Zotero\\storage\\TET9RRZR\\altwoke-companion.html},
  journaltitle = {\&\&\& Journal},
  langid       = {english},
  title        = {\#AltWoke Companion},
  url          = {http://tripleampersand.org/altwoke-companion/},
  urldate      = {2019-07-13},
}

@Book{feyerabendTyrannyScience2011,
  author       = {Feyerabend, Paul and Oberheim, Eric},
  edition      = {1},
  isbn         = {978-0-7456-5189-7},
  keywords     = {Philosophy,Philosophy and science,Science},
  langid       = {english},
  origlanguage = {italian},
  pagetotal    = {180},
  publisher    = {Polity Press},
  title        = {The Tyranny of Science},
  url          = {https://www.wiley.com/en-mx/The Tyranny of Science-p-9780745651897},
  urldate      = {2020-03-25},
  year         = {2011},
}

@Misc{TyrannyStucturelessness,
  author       = {Freeman, Jo},
  file         = {C:\\Users\\moma\\Zotero\\storage\\EKEWPGBE\\tyranny.html},
  howpublished = {The earliest version of this article was given as a talk at a conference called by the Southern Female Rights Union, held in Beulah, Mississippi in May 1970. It was written up for Notes from the Third Year (1971), but the editors did not use it. It was then submitted to several movement publications, but only one asked permission to publish it; others did so without permission. The first official place of publication was in Vol. 2, No. 1 of The Second Wave (1972). This early version in movement publications was authored by Joreen. Different versions were published in the Berkeley Journal of Sociology, Vol. 17, 1972-73, pp. 151-165, and Ms. magazine, July 1973, pp. 76-78, 86-89, authored by Jo Freeman. This piece spread all over the world.},
  langid       = {english},
  title        = {The Tyranny of Stucturelessness},
  url          = {https://www.jofreeman.com/joreen/tyranny.htm},
  urldate      = {2019-07-13},
}

@Misc{TyrannyTyranny,
  author       = {Levine, Cathy},
  file         = {C:\\Users\\moma\\Zotero\\storage\\N5KNCERC\\cathy-levine-the-tyranny-of-tyranny.html},
  howpublished = {Originally published in “Black Rose”, number 1, Spring/1979 (Rising Free Collective).},
  langid       = {english},
  note         = {Article by Jo Freeman originally published in the “Berkeley Journal of Sociology”, 1970, reprinted by ORA and the Anarchist Workers Association in 1972.},
  title        = {The Tyranny of Tyranny},
  url          = {https://theanarchistlibrary.org/library/cathy-levine-the-tyranny-of-tyranny},
  urldate      = {2019-07-13},
}

@Book{fukuyamaFinHistoriaUltimo1992,
  author       = {Fukuyama, Francis},
  isbn         = {978-84-206-9148-0},
  langid       = {spanish},
  origlanguage = {inglés},
  pagetotal    = {168},
  publisher    = {Alianza Editorial},
  title        = {El Fin de la historia y el último hombre},
  translator   = {Casado Rodríguez, María Teresa},
  url          = {https://www.alianzaeditorial.es/libro/ciencias-sociales/el-fin-de-la-historia-y-otros-ensayos-francis-fukuyama-9788420691480/},
  urldate      = {2020-03-25},
  year         = {2015},
}

@Book{huntingtonClashCivilizationsRemaking1996,
  author    = {Huntington, Samuel P.},
  ean       = {9781451628975},
  edition   = {2},
  file      = {C:\\Users\\moma\\Zotero\\storage\\TN5K2HEV\\Huntington - 1996 - The clash of civilizations and the remaking of wor.pdf},
  foreword  = {Brzezinski, Zbigniew},
  isbn      = {978-1-451-62897-5},
  keywords  = {World politics,1950-,1989-,Civilization; Modern,Post-communism},
  langid    = {english},
  pagetotal = {368},
  publisher = {Simon \& Schuster},
  title     = {The Clash of Civilizations and the Remaking of World Order},
  url       = {https://www.simonandschuster.com/books/The-Clash-of-Civilizations-and-the-Remaking-of-World-Order/Samuel-P-Huntington/9781451628975},
  urldate   = {2020-03-25},
  year      = {2011},
}

@article{zotero-90,
  type = {article}
}

@Article{straehleDIFICULTADESMULTITUDDISCUSION,
  abstract        = {The multitude is a concept which has recently been coined and this word defines, according to some thinkers, most of the latest political movements and it has been even considered as a political model for the future. Nevertheless, this concept carries some difficulties as much in the foundation as in the application of such and here we will put these into question. We emphasize the importance of the naturalistic fallacy of politics and the paradox of the multitude.},
  author          = {Straehle Porras, Edgar},
  file            = {C:\\Users\\moma\\Zotero\\storage\\QT7E3M9G\\Straehle - LAS DIFICULTADES DE LA MULTITUD DISCUSIÓN CON NEG.pdf},
  issn            = {20147708},
  issuesubtitle   = {Movimientos contrahegemónicos y emancipatorios},
  journalsubtitle = {Revista Internacional de Ética y Política},
  journaltitle    = {Oximora},
  langid          = {spanish},
  number          = {2},
  pages           = {39--57},
  readstatus      = {read},
  subtitle        = {Discusión con Negri y Hardt},
  title           = {Las dificultades de la multitud:},
  url             = {http://revistes.ub.edu/index.php/oximora/article/view/6293},
  urldate         = {2020-03-25},
  year            = {2013},
}

@Book{hardtImperio2005,
  author       = {Hardt, Michael and Negri, Antonio},
  isbn         = {978-84-493-1754-5},
  langid       = {spanish},
  origlanguage = {inglés},
  pagetotal    = {512},
  publisher    = {Paidós},
  series       = {Surcos},
  title        = {Imperio},
  translator   = {Bixio, Alcira},
  url          = {https://www.planetadelibros.com/libro-imperio/22169},
  urldate      = {2020-03-25},
  year         = {2005},
}

@Book{comiteinvisibleAhora2017,
  author     = {{Comité invisible}},
  edition    = {2},
  isbn       = {978-84-15862-91-8},
  langid     = {spanish},
  location   = {Logroño},
  pagetotal  = {160},
  publisher  = {Pepitas de Calabaza},
  title      = {Ahora},
  url        = {http://www.pepitas.net/libro/ahora},
  urldate    = {2020-03-25},
  year       = {2019},
}

@Book{dickScreenplayEssaysFilm2005,
  author     = {Dick, Kirby and Ziering Kofman, Amy and Royle, Nicholas},
  edition    = {1},
  isbn       = {978-0-415-97407-3},
  langid     = {english},
  pagetotal  = {144},
  publisher  = {Routledge},
  subtitle   = {Screenplay and Essays on the Film},
  title      = {Derrida},
  url        = {https://www.routledge.com/Derrida-Screenplay-and-Essays-on-the-Film/Dick-Directors/p/book/9780415974080},
  urldate    = {2020-03-25},
  year       = {2005},
}

@Online{DarkEnlightenmentNick2012,
  abstract   = {The Dark Enlightenment \textendash{} Part 1 The Dark Enlightenment \textendash{} Part 2 The Dark Enlightenment \textendash{} Part 3 The Dark Enlightenment \textendash{} Part 4 The Dark Enlightenment \textendash{} Part 4a The Da\ldots{}},
  date       = {2012-12-25},
  editor     = {Charon},
  file       = {C:\\Users\\moma\\Zotero\\storage\\ITT6MSCP\\the-dark-enlightenment-by-nick-land.html},
  langid     = {english},
  title      = {The Dark Enlightenment, by Nick Land},
  url        = {http://www.thedarkenlightenment.com/the-dark-enlightenment-by-nick-land/},
  urldate    = {2019-07-13},
}

@article{zotero-98,
  file = {C:\\Users\\moma\\Zotero\\storage\\9LJTMMFV\\_.pdf}
}

@Article{editor2EstancamientoSecularPolitica2019,
  abstract     = {La semana pasada, el prestigioso Instituto Brookings convocó una conferencia sobre la eficacia de la política monetaria para estimular y sostener el crecimiento económico.},
  author       = {Roberts, Michael},
  date         = {2019-03-23},
  file         = {C:\\Users\\moma\\Zotero\\storage\\URQHJ8AI\\estancamiento-secular-politica-monetaria-y-john-law.html},
  journaltitle = {Sin Permiso},
  langid       = {spanish},
  origlanguage = {inglés},
  title        = {Estancamiento secular, política monetaria y John Law},
  translator   = {Buster, G.},
  type         = {Text},
  url          = {http://www.sinpermiso.info/textos/estancamiento-secular-politica-monetaria-y-john-law},
  urldate      = {2019-07-13},
}

@Article{renshawWasThereKeynesian2016,
  author       = {Renshaw, Patrick},
  date         = {1999-07-01},
  doi          = {https://doi.org/10.1177%2F002200949903400302},
  file         = {C:\\Users\\moma\\Zotero\\storage\\W9D242V3\\002200949903400302.html},
  issue        = {3},
  journaltitle = {Journal of Contemporary History},
  langid       = {english},
  month        = {7},
  pages        = {337--364},
  publisher    = {SAGE Publications},
  title        = {Was there a Keynesian Economy in the USA between 1933 and 1945?},
  url          = {https://journals.sagepub.com/doi/abs/10.1177/002200949903400302?journalCode = jcha},
  volume       = {34},
}

@Online{GILLESDELEUZEMAQUINA,
  abstract     = {Antroposmoderno, sitio de habla hispana y portuguesa dedicado al pensamiento psicoanalítico y posmoderno},
  author       = {Rojas Osorio, Carlos},
  date         = {2003-07-02},
  file         = {C:\\Users\\moma\\Zotero\\storage\\M3GE3TA4\\antro-articulo.html},
  journaltitle = {Antroposmoderno},
  langid       = {spanish},
  shorttitle   = {Gilles Deleuze},
  subtitle     = {La máquina social},
  title        = {Gilles Deleuze:},
  url          = {http://antroposmoderno.com/antro-articulo.php?id_articulo                                                  = 225},
  urldate      = {2019-07-13},
}

@Article{vanmillHobbesTheoriesFreedom1995,
  author       = {van Mill, David},
  doi          = {10.2307/2960315},
  file         = {C:\\Users\\moma\\Zotero\\storage\\LCC3VQKV\\van Mill - 1995 - Hobbes's Theories of Freedom.pdf},
  issn         = {0022-3816},
  journaltitle = {The Journal of Politics},
  langid       = {english},
  month        = {5},
  number       = {2},
  options      = {useprefix = true},
  pages        = {443--459},
  publisher    = {University of Chicago Press},
  title        = {Hobbes's Theories of Freedom},
  volume       = {57},
  year         = {1995},
}

@article{gaskinEditedIntroductionNotes,
  langid = {english},
  title = {Edited with an {{Introduction}} and {{Notes}} By},
  pages = {576},
  author = {Gaskin, C A},
  file = {C:\\Users\\moma\\Zotero\\storage\\SL4PEAK6\\Gaskin - Edited with an Introduction and Notes by.pdf}
}

@Book{hobbesLeviatan2007,
  author     = {Hobbes, Thomas},
  foreword   = {Moya, Carlos},
  langid     = {spanish},
  pagetotal  = {576},
  publisher  = {Losada},
  series     = {Biblioteca de Obras Maestras del Pensamiento},
  title      = {Leviatán},
  translator = {Escohotado, Antonio},
  url        = {http://editoriallosada.com/libro/leviatan},
  urldate    = {2020-03-25},
  year       = {2007},
}

@Book{hobbesCiveElementosFilosoficos2016,
  author       = {Hobbes, Thomas},
  foreword     = {Mellizo Cuadrado, Carlos},
  isbn         = {978-84-9104-341-6},
  langid       = {spanish},
  origlanguage = {inglés},
  pagetotal    = {392},
  publisher    = {Alianza Editorial},
  shorttitle   = {De cive},
  subtitle     = {elementos filosóficos sobre el ciudadano},
  title        = {De cive:},
  translator   = {Mellizo Cuadrado, Carlos},
  year         = {2016},
}

@Book{freudTresEnsayosTeoria2017,
  author       = {Freud, Sigmund},
  edition      = {1},
  foreword     = {Robert François},
  isbn         = {978-9-5051-8870-3},
  langid       = {spanish},
  location     = {Buenos Aires},
  origlanguage = {alemán},
  pagetotal    = {208},
  publisher    = {Amorrortu editores},
  series       = {Obras Escogidas},
  title        = {Tres ensayos de teoría sexual},
  translator   = {Etcheverry, José Luis},
  url          = {https://www.amorrortueditores.com/Papel/9789505188703/Tres ensayos sobre teoría sexual},
  urldate      = {2020-03-28},
  year         = {2015},
}

@Online{NoFapDonLie,
  abstract   = {28 votes and 16 comments so far on Reddit},
  author     = {{u/purethelma}},
  date       = {2014-01-17},
  file       = {C:\\Users\\moma\\Zotero\\storage\\TXSSLR2E\\dont_lie_to_yourself_pmo_porn_masturbation_and.html},
  langid     = {english},
  title      = {Don't lie to yourself... P-M-O (PORN.. masturbation and orgasm) IS THE PROBLEM. Masturbation is just the symptom....},
  url        = {https://www.reddit.com/r/NoFap/comments/1vgfj8/dont_lie_to_yourself_pmo_porn_masturbation_and/},
  urldate    = {2019-07-21},
}

@Online{StatsArchivesPornhub,
  date    = {2019-12-11},
  editor  = {PornHub},
  file    = {C:\\Users\\moma\\Zotero\\storage\\C6I74GCW\\stats.html},
  langid  = {english},
  title   = {The 2019 Year in Review},
  url     = {https://www.pornhub.com/insights/2019-year-in-review},
  urldate = {2019-07-21},
}

@Article{orozcogaribaySociedadCansancioSociedad2015,
  abstract     = {Our goal is to understand Byung-Chul Han's particular succinct thoughts. In each paragraph of his works, there are complexities requiring exegesis which may result in complete books. We will present and criticize his ideas in his following brief works: The Burnout Society, The Transparency Society, and The Agony of Eros.},
  author       = {Orozco Garibay, José Manuel},
  doi          = {10.5347/01856383.0113.000262710},
  editor       = {{Instituto Tecnológico Autónomo de México}},
  file         = {C:\\Users\\moma\\Zotero\\storage\\WPG7RG8M\\Orozco Garibay - 2015 - De la sociedad del cansancio a la sociedad del abu.pdf},
  issn         = {0185-6383},
  journaltitle = {Estudios: filosofía, historia, letras},
  langid       = {spanish},
  number       = {113},
  pages        = {169--193},
  shorteditor  = {ITAM},
  shortjournal = {Estud. filos., hist., let.},
  shorttitle   = {De la sociedad del cansancio a la sociedad del aburrimiento},
  subtitle     = {un estudio del pensamiento de Byung-Chul Han},
  title        = {De la sociedad del cansancio a la sociedad del aburrimiento:},
  volume       = {13},
  year         = {2015},
}

@Book{brattonStackSoftwareSovereignty2015,
  abstract   = {A comprehensive political and design theory of planetary-scale computation proposing that The Stack -- an accidental megastructure -- is both a technological apparatus and a model for a new geopolitical architecture.},
  author     = {Bratton, Benjamin H.},
  ean        = {9780262029575},
  isbn       = {978-0-262-02957-5},
  langid     = {english},
  pagetotal  = {528},
  publisher  = {MIT Press Ltd},
  series     = {Software Studies},
  shorttitle = {The Stack},
  subtitle   = {On Software and Sovereignty},
  title      = {The Stack:},
  url        = {https://mitpress.mit.edu/books/stack},
  urldate    = {2019-07-21},
  year       = {2015},
}

@Article{anonimoQuinismoImposibleAcerca2010,
  author          = {Anónimo},
  date            = {2010-06-24},
  file            = {C:\\Users\\moma\\Zotero\\storage\\LXZ3ILR5\\el-quinismo-imposible-acerca-de-peter.html},
  journalsubtitle = {Filosofando en la red},
  journaltitle    = {Meditaciones Cartesianas},
  keywords        = {Filosofia Politica},
  langid          = {spanish},
  shorttitle      = {El Quinismo Imposible},
  subtitle        = {Acerca de Peter Sloterdijk},
  title           = {El Quinismo Imposible:},
  url             = {http://meditacionescartesianas.blogspot.com/2010/06/el-quinismo-imposible-acerca-de-peter.html},
  urldate         = {2019-07-21},
}

@Book{onfrayCinismosRetratoFilosofos2005,
  author       = {Onfray, Michel},
  isbn         = {978-950-12-6527-9},
  langid       = {spanish},
  origlanguage = {francés},
  pagetotal    = {240},
  publisher    = {Paidós},
  series       = {Espacios del saber},
  shorttitle   = {Cinismos},
  subtitle     = {retrato de los filosofos llamados perros},
  title        = {Cinismos:},
  translator   = {Bixio, Alcira},
  url          = {https://www.planetadelibros.com/libro-cinismos/22009#soporte/22009},
  urldate      = {2020-03-26},
  year         = {2005},
}

@InCollection{PrimerosMaterialesPara,
  booksubtitle = {Organe conscient du Parti Imaginaire},
  booktitle    = {Tiqqun},
  editor       = {Bourdart, Julien and Carnevale, Fulvia and Coupat, Julien and Frey, Junius and Gayraud, Joël and Hottner, Stephan and Ricordeau, Remy},
  file         = {C:\\Users\\moma\\Zotero\\storage\\2HIXJJQ9\\primeros-materiales-para-una-teoria-de.html},
  langid       = {spanish},
  number       = {1},
  title        = {Primeros materiales para una teoría de la jovencita},
  url          = {https://tiqqunim.blogspot.com/2013/11/primeros-materiales-para-una-teoria-de.html},
  urldate      = {2019-07-25},
  year         = {1998},
}

@Book{davenportEconomiaAtencionNuevo2002,
  author     = {Davenport, Thomas H. and Beck, John C.},
  isbn       = {978-84-493-1224-3},
  langid     = {spanish},
  pagetotal  = {280},
  publisher  = {Paidós},
  series     = {Empresa},
  shorttitle = {La economía de la atención},
  subtitle   = {el nuevo valor de los negocios},
  title      = {La economía de la atención:},
  url        = {https://www.planetadelibros.com/libro-la-economia-de-la-atencion/20529},
  urldate    = {2020-03-25},
  year       = {2002},
}

@Book{lanhamEconomicsAttentionStyle2007,
  author     = {Lanham, Richard A.},
  edition    = {1},
  isbn       = {978-0-226-46867-9},
  langid     = {english},
  pagetotal  = {326},
  publisher  = {University of Chicago Press},
  shorttitle = {The Economics of Attention},
  subtitle   = {Style and Substance in the Age of Information},
  title      = {The Economics of Attention:},
  url        = {https://press.uchicago.edu/ucp/books/book/chicago/E/bo3680280.html},
  urldate    = {2020-03-26},
  year       = {2007},
}

@Book{hardtMultitudGuerraDemocracia2006,
  author       = {Hardt, Michael and Negri, Antonio},
  title        = {Multitud:},
  isbn         = {978-84-8306-598-3},
  langid       = {spanish},
  origlanguage = {inglés},
  pagetotal    = {464},
  publisher    = {Debate},
  series       = {Referencias},
  subtitle     = {Guerra y democracia en la era del imperio},
  translator   = {Bravo Alfonso, José Antonio},
  langid       = {spanish},
  shorttitle   = {Multitud},
  year         = {2004},
}

@Book{zizekRevolucionBlanda2004,
  author    = {Žižek, Slavoj and Waingarten, Sebastian},
  isbn      = {978-987-20591-2-5},
  langid    = {spanish},
  pagetotal = {93},
  publisher = {Atuel - Parusía},
  title     = {La revolución blanda},
  url       = {http://geocities.ws/zizekencastellano/librevblanda.html},
  urldate   = {2020-03-26},
  year      = {2004},
}

@Online{cuboniksXenofeminismoPoliticaPor,
  author   = {{Laboria Cuboniks}},
  file     = {C:\\Users\\moma\\Zotero\\storage\\LPIZT2P4\\es.html},
  langid   = {spanish},
  subtitle = {Una política por la alienación},
  title    = {Xenofeminismo:},
  url      = {http://www.laboriacuboniks.net/es/},
  urldate  = {2019-07-25},
}

@Article{anderssonSocialMediaDeliberately2018,
  abstract        = {Insiders tell a Panorama investigation that social media firms knowingly hook users to their apps.},
  author          = {Andersson, Hilary},
  date            = {2018-07-04},
  entrysubtype    = {newspaper},
  file            = {C:\\Users\\moma\\Zotero\\storage\\LQPWMIW8\\technology-44640959.html},
  journalsubtitle = {Technology},
  journaltitle    = {BBC News},
  langid          = {english},
  series          = {BBC Panorama},
  title           = {Social media apps are 'deliberately' addictive to users},
  url             = {https://www.bbc.com/news/technology-44640959},
  urldate         = {2019-07-25},
}

@Book{consejonocturnoHabitarMasFuerte2018,
  edition   = {1},
  editor    = {{Consejo Nocturno}},
  file      = {C:\\Users\\moma\\Zotero\\storage\\4EVDC3TT\\Consejo Nocturno - 2018 - Un habitar más fuerte que la metrópoli.pdf},
  isbn      = {978-84-15862-63-5},
  langid    = {spanish},
  location  = {Logroño},
  number    = {72},
  pagetotal = {128},
  publisher = {Pepitas de Calabaza},
  series    = {Ensayo},
  title     = {Un habitar más fuerte que la metrópoli},
  url       = {http://www.pepitas.net/libro/un-habitar-mas-fuerte-que-la-metropoli},
  urldate   = {2020-03-26},
}

@Book{jungerEumeswil2011,
  address      = {Barcelona},
  author       = {Jünger, Ernst},
  isbn         = {978-84-9006-034-6},
  langid       = {spanish},
  origlanguage = {alemán},
  pagetotal    = {432},
  publisher    = {RBA},
  title        = {Eumeswil},
  translator   = {Villanueva Salas, Marciano},
  year         = {2011},
}

@Article{villodresQueSonIncels2018,
  abstract        = {Se trata de una peligrosa subcultura de odio a las mujeres que ya ha costado decenas de vidas. Está formada por una violenta comunidad de hombres heterosexuales, nacida en internet, que reivindican su `derecho al sexo'.},
  author          = {Villodres, María L.},
  date            = {2018-05-07},
  file            = {C:\\Users\\moma\\Zotero\\storage\\MBX7C3QH\\que-son-los-incels-y-por-que-deberian-preocuparnos.html},
  journalsubtitle = {S Moda},
  journaltitle    = {El País},
  langid          = {spanish},
  title           = {¿Qué son los incels y por qué deberían preocuparnos?},
  url             = {https://smoda.elpais.com/feminismo/que-son-los-incels-y-por-que-deberian-preocuparnos/},
  urldate         = {2019-07-29},
}

@InBook{hesterCrisisReproduccionSocial,
  author       = {Hester, Helen and Srnicek, Nick},
  booksubtitle = {Repensar el mundo que conocíamos},
  booktitle    = {La era de la perplejidad:},
  file         = {C:\\Users\\moma\\Zotero\\storage\\XEE77HTG\\Hester y Srnicek - La crisis de la reproducción social y el fin del t.pdf},
  langid       = {spanish},
  location     = {Madrid},
  pages        = {358-374},
  publisher    = {BBVA OpenMind},
  title        = {La crisis de la reproducción social y el fin del trabajo},
  url          = {https://www.bbvaopenmind.com/wp-content/uploads/2018/01/BBVA-OpenMind-La-era-de-la-perplejidad-repensar-el-mundo-que-conociamos.pdf},
  urldate      = {2020-03-26},
  year         = {2018},
}

@Online{SolidarityLibraryGenesis,
  abstract = {Share this letter - read it in public - leave it in the printer. Share your writing - digitize a book - upload your files. Don't let our knowledge be crushed. Care for the libraries - care for the metadata - care for the backup. Water the flowers - clean the volcanoes.},
  author   = {Barok, Dušan and Berry, Josephine and Balázs, Bodó and Dockray, Sean and Goldsmith, Kenneth and Iles, Anthony and Liang, Lawrence and Lütgert, Sebastian and van Mourik Broekman, Pauline and Mars, Marcell and spideralex, and Medak, Tomislav and Sekulić, Dubravka and Snelting, Femke},
  date     = {2015-11-30},
  file     = {C:\\Users\\moma\\Zotero\\storage\\Q7YEFNNV\\custodians.online.html},
  langid   = {english},
  title    = {In Solidarity with Library Genesis and Sci-hub},
  url      = {http://custodians.online},
  urldate  = {2019-08-06},
}

@Article{sterlingElviaWilkWriting2018,
  abstract     = {*Hey look, it's an actual ``solarpunk'' manifesto, sort of. There's still a lot of hyphen-punk activity around, but it's rare for one to get up on its hind legs and claim that it's modern.This article has been reproduced in a new format and may be missing content or contain faulty links. Contact wiredlabs\@wired.com to report\ldots{}},
  author       = {Sterling, Bruce},
  date         = {2018-04-10},
  entrysubtype = {magazine},
  file         = {C:\\Users\\moma\\Zotero\\storage\\BE882GVN\\dystopia-luxury-genre.html},
  issn         = {1059-1028},
  journaltitle = {Wired},
  langid       = {english},
  title        = {Elvia Wilk writing on solarpunk for e-flux},
  url          = {https://www.wired.com/beyond-the-beyond/2018/04/dystopia-luxury-genre/},
  urldate      = {2019-08-06},
}

@Article{SolarpunkNotesManifesto,
  author       = {Flynn, Adam},
  date         = {2014-09-04},
  file         = {C:\\Users\\moma\\Zotero\\storage\\KHHCTENQ\\solarpunk-notes-toward-a-manifesto.html},
  journaltitle = {Hieroglyph},
  langid       = {english},
  subtitle     = {Notes toward a manifesto},
  title        = {Solarpunk:},
  url          = {https://hieroglyph.asu.edu/2014/09/solarpunk-notes-toward-a-manifesto/},
  urldate      = {2019-08-06},
}

@InCollection{tiqqunComoHacer,
  abstract     = {Necesito devenir anónima. Para estar presente. Cuanto más anónima soy, más estoy presente. Necesito zonas de indistinción para acceder a lo Común. Para no reconocerme ya en mi nombre. Para no escuchar en mi nombre más que la voz que lo llama.},
  booksubtitle = {Organe conscient du Parti Imaginaire},
  booktitle    = {Tiqqun},
  editor       = {Bourdart, Julien and Carnevale, Fulvia and Coupat, Julien and Frey, Junius and Gayraud, Joël and Hottner, Stephan and Ricordeau, Remy},
  file         = {C:\\Users\\moma\\Zotero\\storage\\7JZISVKU\\como-hacer.html},
  langid       = {spanish},
  number       = {1},
  shorttitle   = {¿Cómo hacer?},
  title        = {¿Cómo hacer?*},
  url          = {https://tiqqunim.blogspot.com/2013/01/como-hacer.html},
  urldate      = {2019-08-08},
}

@Article{fraseFourFuturesVisions2016,
  author       = {Tarnoff, Ben},
  date         = {2016-11-24},
  journaltitle = {The Guardian},
  langid       = {english},
  owner        = {aradnix},
  subtitle     = {Life After Capitalism review – will robots bring utopia or terror?},
  timestamp    = {2020-03-28},
  title        = {Four Futures:},
  url          = {https://www.theguardian.com/books/2016/nov/24/four-futures-life-after-capitalism-peter-frase-review-robots},
  urldate      = {2020-03-28},
}

@Book{harawayManifiestoParaCyborgs2014,
  author    = {Haraway, Donna},
  isbn      = {978-987-29348-5-9},
  langid    = {spanish},
  location  = {Mar del Plata, Argentina},
  owner     = {aradnix},
  publisher = {Puente Aéreo},
  subtitle  = {ciencia, tecnología y feminismo socialista a finales del siglo XX},
  timestamp = {2020-04-08},
  title     = {Manifiesto para cyborgs:},
  year      = {2014},
}

@Collection{dadaistischesseminarALIENIST2017,
  editor    = {Arkhipova, E. and Armand, L. and Bonney, S. and Dachy, V. and Divo, M. and Erent, V. and Farnsworth, V. and Garcia, T. and König, T. and Kulbashna D. and Lebedeva, T. and Makin, R. and Sierra, G. and Vichnar, D. and Harlan Wilson, D.},
  langid    = {english},
  location  = {Prague},
  owner     = {aradnix},
  pagetotal = {50},
  publisher = {Dadaistisches Seminar},
  timestamp = {2020-04-08},
  title     = {Alienist},
  url       = {https://alienistmanifesto.files.wordpress.com/2017/10/alienistmagazine_october-2017.pdf},
  urldate   = {2020-04-08},
}

@Misc{AeroceneManifesto2017,
  editor       = {{The Aerocene Community}},
  howpublished = {en línea},
  langid       = {english},
  owner        = {aradnix},
  pagetotal    = {18},
  subtitle     = {Aeronauts Unite!},
  timestamp    = {2020-04-08},
  title        = {Aerocene Manifesto},
  url          = {https://aerocene.org/wp-content/uploads/2019/09/LivingManifesto-Aerocene_0.0.pdf},
}

@Article{smithHayekMeetsInformation2017,
  author          = {Smith, Jason},
  date            = {2017-05-18},
  journaltitle    = {Evonomics},
  title           = {Hayek Meets Information Theory. And Fails.},
  journalsubtitle = {The Next evolution of Economics},
  subtitle        = {Modern economic theories of prices-as-information are seventy years out of date.},
  url             = {https://evonomics.com/hayek-meets-information-theory-fails/},
  urldate         = {2020-04-08},
  owner           = {aradnix},
  timestamp       = {2020-04-08},
  langid = {english},
}

@Book{raymondCathedralBazaarMusings2001,
  author    = {Raymond, Eric S.},
  foreword  = {Young, Bob},
  isbn      = {9781306815826},
  langid    = {english},
  location  = {Sebastopol, California},
  owner     = {aradnix},
  pagetotal = {241},
  publisher = {O'Reilly},
  subtitle  = {musings on Linux and Open Source by an accidental revolutionary},
  timestamp = {2020-04-08},
  title     = {The cathedral and the bazaar},
  year      = {2001},
}

@Online{allenParticipatoryOrganizationsPatterns2018,
  author    = {Allen, Christopher},
  date      = {2020-01-07},
  langid    = {english},
  owner     = {aradnix},
  subtitle  = {An Overview \& Taxonomy},
  timestamp = {2020-04-08},
  title     = {Participatory Organizations, Patterns, Processes \& Tools},
  url       = {https://github.com/ChristopherA/Participatory-Organizations-Overview-and-Taxonomy},
  urldate   = {2020-04-08},
}

@Article{magazineDisruptiveInnovationsEntrepreneurship2018,
  author       = {Stark, John},
  date         = {2018-02-27},
  editor       = {{IQ Magazine}},
  journaltitle = {Medium},
  langid       = {english},
  owner        = {aradnix},
  subtitle     = {The Past, Present, and Future},
  timestamp    = {2020-04-08},
  title        = {Disruptive Innovations in Entrepreneurship;},
  url          = {https://medium.com/\@eevmiqmagazine/disruptive-innovations-in-entrepreneurship-the-past-present-and-future-e6f6a018037},
  urldate      = {2020-04-08},
}

@Article{openfutureTransgenderPopulistFighting2018,
  author          = {{N. B.}},
  date            = {2018-12-21},
  journalsubtitle = {Open Future},
  journaltitle    = {The Economist},
  langid          = {english},
  owner           = {aradnix},
  subtitle        = {An interview with the YouTube philosopher-pundit Natalie Wynn},
  timestamp       = {2020-04-08},
  title           = {The transgender populist fighting fascists with face glitter},
  url             = {https://www.economist.com/open-future/2018/12/21/the-transgender-populist-fighting-fascists-with-face-glitter},
}

@Book{Beauvoir1972,
  author       = {Beauvoir, Simone},
  langid       = {spanish},
  location     = {Buenos Aires, Argentina},
  origlanguage = {francés},
  owner        = {aradnix},
  pagetotal    = {171},
  publisher    = {La Pléyade},
  timestamp    = {2020-04-08},
  title        = {Para una moral de la ambiguedad},
  translator   = {Laporte, Rubén A. N.},
  year         = {1972},
}

@Comment{jabref-meta: databaseType:biblatex;}
