@Online{Wikipedia2023,
  author  = {Wikipedia},
  date    = {2023-03-11},
  title   = {Schadenfreude},
  url     = {https://es.wikipedia.org/wiki/Schadenfreude},
  urldate = {2023-04-12},
  owner   = {aradnix},
}

@Online{Wikipedia2023a,
  author = {Wikipedia},
  date   = {2023-04-08},
  title  = {Rizoma (filosofía)},
  url    = {https://es.wikipedia.org/wiki/Rizoma_(filosofía)},
  owner  = {aradnix},
}

@Article{Tiqqun2013a,
  author          = {{Tiqqun}},
  date            = {2013-01-01},
  journaltitle    = {Tiqqun},
  title           = {Tesis sobre el partido imaginario},
  journalsubtitle = {Órgano consciente del partido imaginario},
  number          = {1},
  url             = {https://tiqqunim.blogspot.com/2013/01/partido.html},
  urldate         = {2023-04-12},
  owner           = {aradnix},
}

@Article{Icle2009,
  author       = {Icle, Gilberto},
  date         = {2009-10-20},
  journaltitle = {Educación y educadores},
  title        = {Pedagogía teatral:},
  issn         = {2027-5358},
  number       = {9},
  pages        = {129--142},
  subtitle     = {ruptura, movimiento e inquietud de sí},
  url          = {http://www.scielo.org.co/scielo.php?script=sci_arttext&pid=S0123-12942009000200010},
  urldate      = {2023-04-12},
  volume       = {12},
  owner        = {aradnix},
}

@Article{Negri2013,
  author        = {Negri, Antonio},
  date          = {2013-03-13},
  journaltitle  = {RM},
  title         = {Sobre Mil Mesetas, de Gilles Deleuze y Felix Guattari},
  editor        = {Constante López, Alberto},
  issue         = {0},
  issuesubtitle = {Deleuze},
  issuetitle    = {Beta 0},
  origlanguage  = {french},
  translator    = {Donnard, Gisèle and Sadier, Eduardo},
  url           = {https://reflexionesmarginales.com/blog/2013/03/13/sobre-mil-mesetas-de-gilles-deleuze-y-felix-guattari/},
  urldate       = {2023-04-12},
  owner         = {aradnix},
}

@Article{Amin2005,
  author          = {Amin, Samir},
  date            = {2005-10-01},
  journaltitle    = {Monthly Review},
  title           = {Empire and Multitude},
  journalsubtitle = {An Independent Socialist Magazine},
  number          = {6},
  titleaddon      = {Review of the Month},
  url             =
                  {https://monthlyreview.org/2005/10/01/empire-and-multitude/},
  urldate         = {2023-04-12},
  volume          = {57},
  owner           = {aradnix},
}

@Article{Redaccion2023,
  author       = {Redacción},
  date         = {2023-01-22},
  journaltitle = {Cultura Colectiva},
  title        = {Los 7 principios del zapatismo para construir un mundo donde quepan todos los mundos},
  url          =
                  {https://culturacolectiva.com/historia/los-7-principios-del-zapatismo-para-construir-un-mundo-donde-quepan-todos-los-mundos/},
  urldate      = {2023-04-12},
  owner        = {aradnix},
}

@Article{Gutierrez2016,
  author       = {Gutiérrez, Bernardo},
  date         = {2016-04-09},
  journaltitle = {Periódico Diagnonal},
  title        = {Pedro Kumamoto: \enquote{Es importante construir posturas de diálogo, no de militante}},
  url          =
                  {https://www.diagonalperiodico.net/global/29962-pedro-kumamoto-es-importante-construir-posturas-dialogo-no-militante.html},
  urldate      = {2023-04-12},
  owner        = {aradnix},
}

@Article{Tiqqun2013,
  author          = {{Tiqqun}},
  date            = {2013-02-01},
  journaltitle    = {Tiqqun},
  title           = {De la economía considerada como magia negra},
  journalsubtitle = {Órgano consciente del partido imaginario},
  number          = {1},
  url             = {https://tiqqunim.blogspot.com/2013/02/economia.html},
  owner           = {aradnix},
}

@Online{Wikipedia2023b,
  author  = {Wikipedia},
  date    = {2023-04-03},
  title   = {Open Space Technology},
  url     = {https://en.wikipedia.org/wiki/Open_Space_Technology},
  urldate = {2023-04-12},
  owner   = {aradnix},
}

@Online{BBC2002,
  author   = {{BBC}},
  date     = {2002-11-14},
  title    = {Documentaries},
  url      =
                  {http://www.bbc.co.uk/bbcfour/documentaries/features/century_of_the_self_episode_3.shtml},
  subtitle = {The Century of the Self},
  urldate  = {2023-04-12},
  owner    = {aradnix},
}

@Online{SailorFag2018,
  author  = {{Sailor Fag}},
  date    = {2018-01-15},
  editor  = {{ASCO}},
  title   = {Machitos Arwenderos},
  url     = {https://www.youtube.com/watch?v=2fz029YG-M4},
  urldate = {2023-04-12},
  owner   = {aradnix},
}

@Article{Swartz2011,
  author       = {Swartz, Aaron},
  date         = {2011-11-19},
  journaltitle = {En Defensa del Software Libre},
  title        = {Manifiesto por la Guerrilla del Acceso Abierto},
  url          =
                  {https://endefensadelsl.org/guerrilla_del_acceso_abierto.html},
  urldate      = {2023-04-12},
  owner        = {aradnix},
}

@Article{Williams2017,
  author       = {Williams, Alex and Srnicek, Nick},
  date         = {2017-08-14},
  journaltitle = {Nexos},
  title        = {Inventar el futuro:},
  subtitle     = {Postcapitalismo y un mundo sin trabajo},
  translator   = {Santoveña, Adriana},
  url          = {https://www.nexos.com.mx/?p=33371},
  urldate      = {2023-04-12},
  owner        = {aradnix},
}

@InBook{Galeano2015,
  author     = {Galeano, Eduardo},
  booktitle  = {El libro de los abrazos},
  title      = {Los nadie},
  bookauthor = {Galeano, Eduardo},
  edition    = {2},
  isbn       = {978-607-03-0662-4},
  publisher  = {Siglo XXI Editores},
  url        =
                  {https://sigloxxieditores.com.mx/tienda/ols/products/el-libro-de-los-abrazos1},
  urldate    = {2023-04-12},
  owner      = {aradnix},
  year       = {2015},
}

@Article{Tiqqun2013b,
  author          = {{Tiqqun}},
  date            = {2013-01-01},
  journaltitle    = {Tiqqun},
  title           = {¿Cómo hacer?},
  journalsubtitle = {Órgano consciente del partido imaginario},
  number          = {2},
  url             = {https://tiqqunim.blogspot.com/2013/01/como.html},
  urldate         = {2023-04-12},
  owner           = {aradnix},
}

@Article{Balch2013,
  author       = {Balch, Oliver},
  date         = {2013-02-04},
  journaltitle = {The Guardian},
  title        = {Buen vivir:},
  subtitle     = {the social philosophy inspiring movements in South America},
  url          =
                  {https://www.theguardian.com/sustainable-business/blog/buen-vivir-philosophy-south-america-eduardo-gudynas},
  urldate      = {2023-04-12},
  owner        = {aradnix},
}

@InBook{Jabardo2008,
  author       = {Jabardo, Mercedes},
  booktitle    = {Feminismos en la Antropología:},
  title        = {Desde el feminismo negro, una mirada al género y la
                  inmigración},
  bookauthor   = {Suárez, Liliana and Martín, Emma and Hernández,
                  Rosalva Aída},
  booksubtitle = {nuevas propuestas críticas},
  chapter      = {2},
  isbn         = {978-84-691-4958-4},
  pages        = {39--54},
  publisher    = {ANKULEGI (ANtropologia, KULtura Eta GIzartea)},
  url          =
                  {https://www.ankulegi.org/es/6-feminismos-en-la-antropologia-nuevas-propuestas-criticas/},
  urldate      = {2023-04-12},
  owner        = {aradnix},
  year         = {2008},
}

@Report{Roiz2002,
  author      = {Roiz, Javier},
  institution = {Universidad Complutense de Madrid},
  title       = {La teoría política de Hannah Arendt},
  type        = {resreport},
  number      = {208},
  pagetotal   = {67},
  url         =
                  {https://www.icps.cat/archivos/WorkingPapers/wp208.pdf?noga=1},
  urldate     = {2023-04-12},
  owner       = {aradnix},
  year        = {2002},
}

@Article{Tiqqun2015,
  author          = {{Tiqqun}},
  date            = {2015-05-01},
  journaltitle    = {Tiqqun},
  title           = {Una metafísica critica puede nacer como ciencia
                  de los dispositivos},
  journalsubtitle = {Órgano consciente del partido imaginario},
  number          = {2},
  url             =
                  {https://tiqqunim.blogspot.com/2015/05/dispositivos.html},
  urldate         = {2023-04-12},
  owner           = {aradnix},
}

@Book{Fanon1965,
  author     = {Fanon, Frantz},
  title      = {Los condenados de la tierra},
  edition    = {2},
  foreword   = {Sartre, Jean-Paul},
  location   = {México},
  number     = {47},
  pagetotal  = {163},
  publisher  = {Fondo de Cultura Económica},
  series     = {Colección popular},
  translator = {Campos, Julieta},
  url        = {https://www.lahaine.org/b2-img09/fanon_condenados.pdf},
  urldate    = {2023-04-12},
  owner      = {aradnix},
  year       = {1965},
}

@Booklet{Vasallo2014,
  author       = {Vasallo, Brigitte},
  title        = {Redes afectivas y revoluciones},
  howpublished = {Pensaré Cartoneras},
  location     = {Zona temporral autónoma del Clot},
  pagetotal    = {56},
  titleaddon   = {Alex Acevews Bernal Obra gráfica},
  url          =
                  {https://archive.org/details/redes-afectivas-y-revoluciones/page/n3/mode/2up},
  urldate      = {2023-04-12},
  owner        = {aradnix},
  year         = {2014},
}

@Article{Tiqqun2014,
  author          = {{Tiqqun}},
  date            = {2014-09-01},
  journaltitle    = {Tiqqun},
  title           = {Llamamiento (2003)},
  journalsubtitle = {Órgano consciente del partido imaginario},
  url             =
                  {https://tiqqunim.blogspot.com/2014/09/llamamiento.html},
  urldate         = {2023-04-12},
  owner           = {aradnix},
}

@InBook{Mouffe2009,
  author     = {Mouffe, Chantal},
  booktitle  = {The Democratic Paradox},
  title      = {Wittgenstein, Political Theory and Democracy},
  bookauthor = {Mouffe, Chantal},
  chapter    = {3},
  isbn       = {978-1-84467-355-1},
  pages      = {58--77},
  publisher  = {Verso},
  url        =
                  {https://www.versobooks.com/en-gb/products/1696-the-democratic-paradox?_pos=1&_psq=The+democatic&_ss=e&_v=1.0},
  urldate    = {2023-04-12},
  owner      = {aradnix},
  year       = {2009},
}

@Online{LibraryGenesis2008,
  author      = {{Library Genesis}},
  date        = {2008-01-01},
  title       = {Library Genesis},
  url         = {https://libgen.is/},
  urldate     = {2023-04-12},
  owner       = {aradnix},
  shortauthor = {{LibGen}},
}

@Software{ReflectedSoftware2010,
  author  = {{Reflected Software}},
  date    = {2010-07-28},
  title   = {Spreeder},
  url     = {https://www.spreeder.com/},
  urldate = {2023-04-12},
  owner   = {aradnix},
}

@Online{Desconocido,
  author  = {Desconocido},
  title   = {Filosofía en PDF},
  url     = {https://www.facebook.com/groups/filosofiaenpdf/permalink/876877359022787/},
  urldate = {2023-04-12},
  owner   = {aradnix},
}

@Online{Skillsoft2002,
  author  = {{Skillsoft}},
  date    = {2002-06-21},
  title   = {Code Academy},
  url     = {https://www.codecademy.com/},
  urldate = {2023-04-12},
  owner   = {aradnix},
}

@Online{TreehouseIsland2011,
  author  = {{Treehouse Island}},
  date    = {2011-03-22},
  title   = {Treehouse},
  url     = {https://teamtreehouse.com/},
  urldate = {2023-04-12},
  owner   = {aradnix},
}

@Online{Tiqqun2013c,
  author  = {{Tiqqun}},
  date    = {2013-01-01},
  title   = {Tiqqun},
  url     = {https://tiqqunim.blogspot.com/},
  urldate = {2023-04-12},
  owner   = {aradnix},
}

@Article{ANON2017,
  author       = {{ANON}},
  date         = {2017-02-05},
  journaltitle = {&&&},
  title        = {\#AltWoke Manifesto},
  url          = {https://tripleampersand.org/alt-woke-manifesto/},
  urldate      = {2023-04-12},
  owner        = {aradnix},
}

@Article{ANON2017a,
  author       = {{ANON}},
  date         = {2017-06-13},
  journaltitle = {&&&},
  title        = {\#AltWoke Companion},
  url          = {https://tripleampersand.org/altwoke-companion/},
  urldate      = {2023-04-12},
  owner        = {aradnix},
}

@Online{EMT2018,
  author  = {{Ethereum Madrid Team}},
  date    = {2018-02-05},
  title   = {Cryptoeconomics Reading List},
  url     = {https://github.com/ethereummadrid/cryptoeconomics-reading-list},
  urldate = {2023-04-12},
  owner   = {aradnix},
}

@Online{POP2020,
  author = {{Participatory Orgs Project}},
  date   = {2020-01-07},
  title  = {Participatory Organizations, Patterns, Processes \& Tools — An Overview \& Taxonomy},
  url    = {https://github.com/ParticipatoryOrgs/Participatory-Organizations-Overview-and-Taxonomy},
  owner  = {aradnix},
}

@Comment{jabref-meta: databaseType:biblatex;}

@Comment{jabref-meta: saveActions:disabled;
all-text-fields[identity]
date[normalize_date]
month[normalize_month]
pages[normalize_page_numbers]
;}